@inproceedings{galileoHasPolicy,
	author = {Fernandez Hernandez, Ignacio and Simon, Javier and Reyes, Joaquin and Blasi, Reinhard and Valentaite, Giedre and Jeannot, Marc and Diaz Pulido, Flor and Vecchione, Giovanni},
	title = {{Galileo High Accuracy: A Program and Policy Perspective}},
	year = {2018},
	doi = {https://www.researchgate.net/profile/Ignacio-Fernandez-Hernandez/publication/328139107_Galileo_High_Accuracy_A_Programme_and_Policy_Perspective/links/60795d4e8ea909241e02896f/Galileo-High-Accuracy-A-Programme-and-Policy-Perspective.pdf},
	publisher = {69th International Astronautical Congress},
}

@inproceedings{instantPPP,
	author = {Denis Laurichesse, Simon Banville},
	title = {{Instantaneous centimeter-level multi-frequency precise point positioning}},
	year = {2018},
	doi = {https://www.gpsworld.com/innovation-instantaneous-centimeter-level-multi-frequency-precise-point-positioning/},
	publisher = {GPS World},
}

@inproceedings{galileoSisIcd,
	title = {{European GNSS (Galileo) Open Service Signal-in-Space Interface Control Document}},
	year = {2021},
	doi = {https://www.gsc-europa.eu/sites/default/files/sites/all/files/Galileo_OS_SIS_ICD_v2.0.pdf},
	publisher = {European Union},
}

@inproceedings{e6breceiver,
	author = {Ignacio Fernandez Hernandez, Jon Winkel, Gonzalo Seco-Granados},
	title = {{A Galileo E6-B/C Receiver: Signals, Prototype, Tests and Performance}},
	year = {2016},
	doi = {https://www.ifen.com/fileadmin/documents/publications/2016/gal-e6bc-rx-goehler-v2-1.pdf},
	publisher = {ION GNSS+},
}

@inproceedings{receivers,
	author = {GMV},
	title = {{GNSS Receivers General Introduction}},
	year = {2011},
	doi = {https://gssc.esa.int/navipedia/index.php/GNSS_Receivers_General_Introduction},
	publisher = {ESA Navipedia},
}

@inproceedings{dsp_receiver,
	author = {Jin Tian, Shi Lin},
	title = {{Single DSP Hardware Design in Real-time Multi-Constellation Satellite Navigation
Receiver}},
	year = {2009},
	doi = {https://www.researchgate.net/publication/221193345_Single_DSP_Hardware_Design_in_Real-Time_Multi-constellation_Satellite_Navigation_Receiver},
	publisher = {IEEE Ninth International Conference on Computer and Information Technology},
}

@inproceedings{ref_station_receiver,
	author = {Gianluca Franzoni, Livio Marradi, Letizia Scaciga},
	title = {{Multi-constellation, multi-frequency, multi-signal reference station receiver for GPS/Galileo/Giove}},
	year = {2010},
	doi = {10.1109/NAVITEC17220.2010},
	publisher = {5th ESA Workshop on Satellite Navigation Technologies and European Workshop on GNSS Signals and Signal Processing (NAVITEC)},
}
